@article{auker2013statistical,
  title={A statistical analysis of the global historical volcanic fatalities record},
  author={Auker, Melanie Rose and Sparks, Robert Stephen John and Siebert, Lee and Crosweller, Helen Sian and Ewert, John},
  journal={Journal of Applied Volcanology},
  volume={2},
  number={1},
  pages={2},
  year={2013},
  publisher={Springer}
}
